@misc{CV,
  title = {Raƒçunalni vid},
  howpublished = {\url{https://en.wikipedia.org/wiki/Computer_vision}},
}

@article{o2015introduction,
  title={An introduction to convolutional neural networks},
  author={O'Shea, Keiron and Nash, Ryan},
  journal={arXiv preprint arXiv:1511.08458},
  year={2015}
}

@online{generalDatasets,
	title={How to Build A Data Set For Your Machine Learning Project},
	author={Alexandre Gonfalonieri},
	year={2019},
	url = {https://towardsdatascience.com/how-to-build-a-data-set-for-your-machine-learning-project-5b3b871881ac}
}

@book{chollet2017deep,
  title={Deep Learning with Python},
  author={Chollet, F.},
  isbn={9781617294433},
  lccn={2018286242},
  url={https://books.google.hr/books?id=Yo3CAQAACAAJ},
  year={2017},
  publisher={Manning Publications Company}
}

